<?xml version="1.0" encoding="UTF-8"?>
<collection xmlns:xsi="http://www.w3.org/2001/XMLSchema-instance" xsi:schemaLocation="http://www.loc.gov/MARC21/slim http://www.loc.gov/standards/marcxml/schema/MARC21slim.xsd" xmlns="http://www.loc.gov/MARC21/slim">
<record>
  <leader>00930cam a22002291  4500</leader>
  <controlfield tag="001">3063369</controlfield>
  <controlfield tag="003">NNC</controlfield>
  <controlfield tag="005">20130426014932.0</controlfield>
  <controlfield tag="008">010810s1955    ua            000 0 ara d</controlfield>
  <datafield tag="035" ind1=" " ind2=" ">
    <subfield code="a">(OCoLC)ocm47758764</subfield>
  </datafield>
  <datafield tag="035" ind1=" " ind2=" ">
    <subfield code="9">ATN5171CU</subfield>
  </datafield>
  <datafield tag="035" ind1=" " ind2=" ">
    <subfield code="a">(NNC)3063369</subfield>
  </datafield>
  <datafield tag="040" ind1=" " ind2=" ">
    <subfield code="a">ZCU</subfield>
    <subfield code="c">ZCU</subfield>
  </datafield>
  <datafield tag="099" ind1=" " ind2=" ">
    <subfield code="a">893.7991</subfield>
    <subfield code="a">B1433</subfield>
  </datafield>
  <datafield tag="245" ind1="0" ind2="3">
    <subfield code="a">al-Aflātūnīyah al-muḥdathah ʻinda al-ʻArab:</subfield>
    <subfield code="b">Abrāqlis: al-Khayr al-maḥḍ; Fī qidam al-ʻālam; Fī al-masāʾil al-ṭabīʻīyah. Harmas: Muʻādhalat al-nafs. Aflātūn: al-Rawābiʻ.</subfield>
    <subfield code="c">Haqqaqahā wa-qaddama lahā ʻAbd-al-Rahmān Badawī.</subfield>
  </datafield>
  <datafield tag="260" ind1=" " ind2=" ">
    <subfield code="a">al-Qāhirah,</subfield>
    <subfield code="b">Maktabat al-Nahḍah al-Miṣrīyah,</subfield>
    <subfield code="c">1955.</subfield>
  </datafield>
  <datafield tag="300" ind1=" " ind2=" ">
    <subfield code="a">55, 273 p.</subfield>
  </datafield>
  <datafield tag="490" ind1="1" ind2=" ">
    <subfield code="a">Dirāsāt Islāmīyah:</subfield>
    <subfield code="v">19</subfield>
  </datafield>
  <datafield tag="700" ind1="1" ind2=" ">
    <subfield code="a">Badawī, ʻAbd al-Raḥmān,</subfield>
    <subfield code="e">editor.</subfield>
  </datafield>
  <datafield tag="740" ind1="0" ind2=" ">
    <subfield code="a">Neoplatonici apud Arabes.</subfield>
  </datafield>
  <datafield tag="800" ind1="1" ind2=" ">
    <subfield code="a">Badawī, ʻAbd al-Raḥmān.</subfield>
    <subfield code="t">Dirāsāt Islāmīyah.</subfield>
  </datafield>
  <datafield tag="955" ind1=" " ind2=" ">
    <subfield code="b">CU58847243</subfield>
    <subfield code="d">off,glx</subfield>
    <subfield code="e">893.7991 B1433</subfield>
  </datafield>
</record>
</collection>